@article{presser2011,
  title={\textbf{Inspiring the Internet of Things: The Internet of Things Comic Book}},
  author={Presser, Mirko and Krco, Srdjan and Kowatsch, Tobias and Maass, Wolfgang and Lange, Sebastian and Carrez, Francois 	and Hunt, Bernard and Egan, Richard and H{\"o}ller, Jan and Bassi, Alessandro and others},
  year={2011},
  publisher={Alexandra Institute}
}

@online{auroras,
  author = {Leila Mitchell},
  title = {\textbf{ Internet of Things: features and how it works }},
  year = 2015,
  url = {http://www.auroras.eu/internet-of-things-features-and-how-it-works/},
  urldate = {2017-04-21},
  note = "Acesso 21 Abr. 2017"
}

@article{historiaiot,
  author = {Rogério Rangel},
  title = {\textbf{Internet das Coisas, nova revolução da conectividade }},
  journal = {Inovação em Pauta},
  year = 2015,
  month = {dez},
  volume = {v. 1},
  number = {18},
  pages = {4-7},
}